
@Article{lme4,
    title = {Fitting Linear Mixed-Effects Models Using {lme4}},
    author = {Douglas Bates and Martin M{\"a}chler and Ben Bolker and
      Steve Walker},
    journal = {Journal of Statistical Software},
    year = {2015},
    volume = {67},
    number = {1},
    pages = {1--48},
    doi = {10.18637/jss.v067.i01},
    url = {https://cran.r-project.org/package=lme4}
  }

@Manual{nlme,
    title = {nlme: Linear and Nonlinear Mixed Effects Models},
    author = {Jos√© Pinheiro and Douglas Bates and {R Core Team}},
    year = {2023},
    note = {R package version 3.1-163},
    url = {https://CRAN.R-project.org/package=nlme},
  }
