@article{olejnik2003generalized,
  title={Generalized eta and omega squared statistics: measures of effect size for some common research designs.},
  author={Olejnik, Stephen and Algina, James},
  journal={Psychological methods},
  volume={8},
  number={4},
  pages={434},
  year={2003},
  publisher={American Psychological Association}
}

@book{judd2017data,
  title={Data analysis: A model comparison approach to regression, ANOVA, and beyond},
  author={Judd, Charles M and McClelland, Gary H and Ryan, Carey S},
  year={2017},
  publisher={Routledge}
}

@book{aiken1991multiple,
  title={Multiple regression: Testing and interpreting interactions},
  author={Aiken, Leona S and West, Stephen G and Reno, Raymond R},
  year={1991},
  publisher={sage}
}

@book{agresticategorical,
  added-at = {2017-03-30T21:37:25.000+0200},
  address = {New York [u.a.]},
  author = {Agresti, Alan},
  biburl = {https://www.bibsonomy.org/bibtex/24edcdfed34b433a8ba9d8e91770c3fae/sveng},
  interhash = {5561a4db98929b5b1462f2dda3f7454e},
  intrahash = {4edcdfed34b433a8ba9d8e91770c3fae},
  keywords = {Analyse Multivariate statistic},
  language = {eng},
  library = {UB [Signatur: 92 H 1278]},
  pages = {XV, 558 S.},
  publisher = {Wiley},
  series = {A Wiley-Interscience publication},
  timestamp = {2017-04-01T10:50:50.000+0200},
  title = {Categorical data analysis},
  year = 1990
}


@book{raudenbush2002hierarchical,
  title={Hierarchical linear models: Applications and data analysis methods},
  author={Raudenbush, Stephen W and Bryk, Anthony S},
  volume={1},
  year={2002},
  publisher={sage}
}

@book{searle2016linear,
  title={Linear models},
  author={Searle, Shayle R and Gruber, Marvin HJ},
  year={2016},
  publisher={John Wiley \& Sons}
}

@Article{lefcheck,
  title = {piecewiseSEM: Piecewise structural equation modeling in R for ecology, evolution, and systematics},
  journal = {Methods in Ecology and Evolution},
  volume = {7},
  number = {5},
  pages = {573-579},
  year = {2016},
  author = {Jonathan S. Lefcheck},
  doi = {10.1111/2041-210X.12512},
  url = {http://dx.doi.org/10.1111/2041-210X.12512},
}

@article{nagawa2,
author = {Johnson, Paul C.D.},
title = {Extension of Nakagawa \& Schielzeth's R2GLMM to random slopes models},
journal = {Methods in Ecology and Evolution},
volume = {5},
number = {9},
pages = {944-946},
keywords = {coefficient of determination, generalized linear mixed model, random slopes model, random regression},
doi = {https://doi.org/10.1111/2041-210X.12225},
url = {https://besjournals.onlinelibrary.wiley.com/doi/abs/10.1111/2041-210X.12225},
eprint = {https://besjournals.onlinelibrary.wiley.com/doi/pdf/10.1111/2041-210X.12225},
abstract = {Summary Nakagawa \& Schielzeth extended the widely used goodness-of-fit statistic R2 to apply to generalized linear mixed models (GLMMs). However, their R2GLMM method is restricted to models with the simplest random effects structure, known as random intercepts models. It is not applicable to another common random effects structure, random slopes models. I show that R2GLMM can be extended to random slopes models using a simple formula that is straightforward to implement in statistical software. This extension substantially widens the potential application of R2GLMM.},
year = {2014}
}

@Article{lme4,
    title = {Fitting Linear Mixed-Effects Models Using {lme4}},
    author = {Douglas Bates and Martin M{\"a}chler and Ben Bolker and
      Steve Walker},
    journal = {Journal of Statistical Software},
    year = {2015},
    volume = {67},
    number = {1},
    pages = {1--48},
    doi = {10.18637/jss.v067.i01},
    url = {https://cran.r-project.org/package=lme4}
  }

@Manual{lme4cran,
  title = {lme4 R package},
  author = {Douglas Bates, et al},
  year = {2020},
  note = {R package},
  url = {https://cran.r-project.org/package=lme4},
}

@Manual{parameters,
  title = {"Extracting, Computing and Exploring the Parameters of Statistical Models using R"},
  author = {LÃ¼decke, Ben-Shachar, Patil &  Makowski},
  year = {2020},
  note = {parameters R package},
  url = {https://cran.r-project.org/package=parameters},
}


@book{maxwell2017,
  title={Designing experiments and analyzing data: A model comparison perspective},
  author={Maxwell, Scott E and Delaney, Harold D and Kelley, Ken},
  year={2017},
  publisher={Routledge}
}

@article{olejnik2003generalized,
  title={Generalized eta and omega squared statistics: measures of effect size for some common research designs.},
  author={Olejnik, Stephen and Algina, James},
  journal={Psychological methods},
  volume={8},
  number={4},
  pages={434},
  year={2003},
  publisher={American Psychological Association}
}

@book{cohen2014applied,
  title={Applied multiple regression/correlation analysis for the behavioral sciences},
  author={Cohen, Patricia and West, Stephen G and Aiken, Leona S},
  year={2014},
  publisher={Psychology press}
}


@book{hedges2014statistical,
  title={Statistical methods for meta-analysis},
  author={Hedges, Larry V and Olkin, Ingram},
  year={2014},
  publisher={Academic press}
}
